@article{Volcano,
  title={The fluid mechanics inside a volcano},
  author={Gonnermann, Helge M and Manga, Michael},
  journal={Annu. Rev. Fluid Mech.},
  volume={39},
  number={1},
  pages={321--356},
  year={2007},
  publisher={Annual Reviews}
}

@article{bird2010daughter,
  title={Daughter bubble cascades produced by folding of ruptured thin films},
  author={Bird, James C and De Ruiter, Ri{\"e}lle and Courbin, Laurent and Stone, Howard A},
  journal={Nature},
  volume={465},
  number={7299},
  pages={759--762},
  year={2010},
  publisher={Nature Publishing Group UK London}
}
@article{feng2014nanoemulsions,
  title={Nanoemulsions obtained via bubble-bursting at a compound interface},
  author={Feng, Jie and Roch{\'e}, Matthieu and Vigolo, Daniele and Arnaudov, Luben N and Stoyanov, Simeon D and Gurkov, Theodor D and Tsutsumanova, Gichka G and Stone, Howard A},
  journal={Nature physics},
  volume={10},
  number={8},
  pages={606--612},
  year={2014},
  publisher={Nature Publishing Group UK London}
}
@article{veron2015ocean,
  title={Ocean spray},
  author={Veron, Fabrice},
  journal={Annual Review of Fluid Mechanics},
  volume={47},
  number={1},
  pages={507--538},
  year={2015},
  publisher={Annual Reviews}
}
@article{dollet2019bubble,
  title={Bubble dynamics in soft and biological matter},
  author={Dollet, Benjamin and Marmottant, Philippe and Garbin, Valeria},
  journal={Annual Review of Fluid Mechanics},
  volume={51},
  number={1},
  pages={331--355},
  year={2019},
  publisher={Annual Reviews}
}
@article{oratis2020new,
  title={A new wrinkle on liquid sheets: Turning the mechanism of viscous bubble collapse upside down},
  author={Oratis, Alexandros T and Bush, John WM and Stone, Howard A and Bird, James C},
  journal={Science},
  volume={369},
  number={6504},
  pages={685--688},
  year={2020},
  publisher={American Association for the Advancement of Science}
}
@article{WINE,
  title={Recent progress in the analytical chemistry of champagne and sparkling wines},
  author={Liger-Belair, G{\'e}rard and Cilindre, Clara},
  journal={Annual Review of Analytical Chemistry},
  volume={14},
  number={1},
  pages={21--46},
  year={2021},
  publisher={Annual Reviews}
}
@article{deike2022mass,
  title={Mass transfer at the ocean--atmosphere interface: the role of wave breaking, droplets, and bubbles},
  author={Deike, Luc},
  journal={Annual Review of Fluid Mechanics},
  volume={54},
  number={1},
  pages={191--224},
  year={2022},
  publisher={Annual Reviews}
}
@article{toba1959drop,
  title={Drop production by bursting of air bubbles on the sea surface (II) theoretical study on the shape of floating bubbles},
  author={Toba, Yoshiaki},
  journal={Journal of the Oceanographical Society of Japan},
  volume={15},
  number={3},
  pages={121--130},
  year={1959},
  publisher={The Oceanographic Society of Japan}
}
@book{toponogov2006differential,
  title={Differential geometry of curves and surfaces},
  author={Toponogov, Victor A},
  year={2006},
  publisher={Springer}
}
@ARTICLE{2020SciPy-NMeth,
  author  = {Virtanen, Pauli and Gommers, Ralf and Oliphant, Travis E. and
            Haberland, Matt and Reddy, Tyler and Cournapeau, David and
            Burovski, Evgeni and Peterson, Pearu and Weckesser, Warren and
            Bright, Jonathan and {van der Walt}, St{\'e}fan J. and
            Brett, Matthew and Wilson, Joshua and Millman, K. Jarrod and
            Mayorov, Nikolay and Nelson, Andrew R. J. and Jones, Eric and
            Kern, Robert and Larson, Eric and Carey, C J and
            Polat, {\.I}lhan and Feng, Yu and Moore, Eric W. and
            {VanderPlas}, Jake and Laxalde, Denis and Perktold, Josef and
            Cimrman, Robert and Henriksen, Ian and Quintero, E. A. and
            Harris, Charles R. and Archibald, Anne M. and
            Ribeiro, Ant{\^o}nio H. and Pedregosa, Fabian and
            {van Mulbregt}, Paul and {SciPy 1.0 Contributors}},
  title   = {{{SciPy} 1.0: Fundamental Algorithms for Scientific
            Computing in Python}},
  journal = {Nature Methods},
  year    = {2020},
  volume  = {17},
  pages   = {261--272},
  adsurl  = {https://rdcu.be/b08Wh},
  doi     = {10.1038/s41592-019-0686-2},
}